@book{russel2010artifical,
  title={Artificial Intelligence, A Modern Approach},
  author={Russel, S. Norvig, P.},
  isbn={9780136042594},
  url={http://aima.cs.berkeley.edu/},
  year={2010},
  publisher={Prentice Hall}
}
