@book{russel2010artifical,
  title={Artificial Intelligence, A Modern Approach},
  author={Russel, S. Norvig, P.},
  isbn={9780136042594},
  note = "\url{http://aima.cs.berkeley.edu/}",
  year={2010},
  publisher={Prentice Hall}
}
@misc{mspacmanwiki,
title={Ms. Pac-Man},
author={Wikipedia},
howpublished = "\url{https://en.wikipedia.org/wiki/Ms._Pac-Man}",
year={2016}
}
